% Encoding: UTF-8

% MOJA LITERATURA %

@Online{emotiv_comparison,
  author = {EMOTIV},
  title  = {{Headsets comparison chart}},
  url    = {https://www.emotiv.com/comparison/},
  urldate = {2019-04-04},
}
@Online{emotiv_developer,
  author = {EMOTIV},
  title  = {{Develop with Emotiv}},
  url    = {https://www.emotiv.com/developer/},
  urldate = {2019-04-08},
}
@Online{emotiv_pro,
  author = {EMOTIV},
  title  = {{Emotiv PRO}},
  url    = {https://www.emotiv.com/emotivpro/},
  urldate = {2019-04-08},
}
@Online{emotiv_insight,
  author = {EMOTIV},
  title  = {{EMOTIV Insight 5 Channel Mobile EEG}},
  url    = {https://www.emotiv.com/product/emotiv-insight-5-channel-mobile-eeg/},
  urldate = {2019-04-21},
}
@Online{emotiv_epoc,
  author = {EMOTIV},
  title  = {{EMOTIV EPOC+ 14 Channel Mobile EEG}},
  url    = {https://www.emotiv.com/product/emotiv-epoc-14-channel-mobile-eeg/},
  urldate = {2019-04-21},
}

@Online{muse2,
  author = {{InteraXon Inc.}},
  title  = {{Introducing Muse 2}},
  url    = {https://choosemuse.com/muse-2/},
  urldate = {2019-04-23},
}
@Online{muse_comparison,
  author = {{InteraXon Inc.}},
  title  = {{Compare Muse Devices}},
  url    = {https://choosemuse.com/product-comparison/},
  urldate = {2019-04-23},
}
@Online{muse_comparison_article,
  author    = {{InteraXon Inc.}},
  title     = {What are the differences between {Muse 2} and {Muse} the brain sensing headband?},
  url       = {https://choosemuse.force.com/s/article/How-is-Muse-2-different-than-Muse-the-brain-sensing-headband?},
  urldate = {2019-04-23},
}
@Online{muse_professional,
  author = {{InteraXon Inc.}},
  title  = {{Muse professional}},
  url    = {https://choosemuse.com/muse-professionals/},
  urldate = {2019-04-23},
}
@Online{muse_developer,
  author = {{InteraXon Inc.}},
  title  = {{Muse developer}},
  url    = {https://choosemuse.com/development/},
  urldate = {2019-04-23},
}
@Manual{muse_specification,
    title        = "Technical specifications, validation, and research use",
    organization = "InteraXon Inc.",
    month        = "apr",
    year         = "2017"
}
@article{muse_article,
  author    = {Pouya Bashivan and
               Irina Rish and
               Steve Heisig},
  title     = {Mental State Recognition via Wearable {EEG}},
  journal   = {CoRR},
  volume    = {abs/1602.00985},
  year      = {2016},
  url       = {http://arxiv.org/abs/1602.00985},
  archivePrefix = {arXiv},
  eprint    = {1602.00985},
  timestamp = {Mon, 13 Aug 2018 16:48:24 +0200},
  biburl    = {https://dblp.org/rec/bib/journals/corr/BashivanRH16},
  bibsource = {dblp computer science bibliography, https://dblp.org}
}


% TEMPLATE %
@Book{Boc2003,
  author    = {Jan Boć},
  title     = {Jak pisać pracę magisterską},
  date      = {2003},
  edition   = {VI},
  publisher = {Kolonia Limited},
  location  = {Wrocław},
}

@Book{Opoka2001,
  author    = {Ewa Opoka},
  title     = {Uwagi o pisaniu i~redagowaniu prac dyplomowych na studiach technicznych},
  date      = {2001},
  publisher = {Wydawnictwo Politechniki Śląskiej},
  location  = {Gliwice},
}

@Book{Pioterek1997,
  author    = {Paweł Pioterek and Barbara Zieleniecka},
  title     = {Technika pisania prac dyplomowych},
  date      = {1997},
  publisher = {Wydawnictwo Wyższej Szkoły Bankowej},
  location  = {Poznań},
}

@Book{Zenderowski2004,
  author    = {Radosław Zenderowski},
  title     = {Praca magisterska. Jak pisać i~obronić? Wskazówki metodologiczne.},
  date      = {2004},
  publisher = {CeDeWu},
  location  = {Warszawa},
}

@Book{Honczarenko2000,
  author    = {Jerzy Honczarenko and Małgorzata Zygmunt},
  title     = {Poradnik dyplomanta},
  date      = {2000},
  publisher = {Wydawnictwo Uczelniane PS},
  location  = {Szczecin},
}

@Article{Iksinski2000,
  author       = {Karol Iksiński},
  title        = {Programowanie z wykorzystaniem liczydła},
  journaltitle = {Journal of computing},
  date         = {2000},
  volume       = {7},
  number       = {2},
  pages        = {87--105},
}

@Online{Nowacki1996,
  author = {Janusz Marian Nowacki},
  title  = {TeXnologia a typograﬁa},
  date   = {1996},
  url    = {http://www.gust.org.pl/PDF/BIUL/06/01-jmn.pdf},
}

@Manual{Mathworks2004,
  author = {Mathworks},
  title  = {MATLAB 7.0. User manual},
  date   = {2004},
}

@Online{Chwalowski2002,
  author = {Robert Chwałowski},
  title  = {Podstawy typografii},
  date   = {2002},
  url    = {http://www.typografia.ogme.pl/SpisTresci.htm},
}

@Online{Reckdahl1997,
  author = {Katy Reckdahl},
  title  = {Using imported graphics in LaTeX2e},
  date   = {1997},
  url    = {http://www.math.ucsd.edu/~jeggers/latex/epslatex.pdf},
}

@Comment{jabref-meta: databaseType:biblatex;}
